<record><leader>00000cas a22000007a 4500</leader><controlfield tag="001">14917114</controlfield><controlfield tag="008">861203d19271930msudr ne      0    0eng d</controlfield><datafield ind1=" " ind2=" " tag="010"><subfield code="a">sn 86090463 </subfield></datafield><datafield ind1=" " ind2=" " tag="040"><subfield code="a">PPM</subfield><subfield code="b">eng</subfield><subfield code="c">PPM</subfield><subfield code="d">MSJ</subfield><subfield code="d">OCLCQ</subfield></datafield><datafield ind1=" " ind2=" " tag="042"><subfield code="a">msc</subfield></datafield><datafield ind1="0" ind2=" " tag="130"><subfield code="a">Morning call (Laurel, Miss.)</subfield></datafield><datafield ind1="1" ind2="4" tag="245"><subfield code="a">The morning call.</subfield></datafield><datafield ind1=" " ind2=" " tag="260"><subfield code="a">Laurel, Miss. :</subfield><subfield code="b">J. Fred Price,</subfield><subfield code="c">1927-1930.</subfield></datafield><datafield ind1=" " ind2=" " tag="300"><subfield code="a">v. :</subfield><subfield code="b">ill. ;</subfield><subfield code="c">55 cm.</subfield></datafield><datafield ind1=" " ind2=" " tag="310"><subfield code="a">Daily (except Mon.)</subfield></datafield><datafield ind1="0" ind2=" " tag="362"><subfield code="a">Vol. 2, no. 31 (Oct. 16, 1927)-v. 4, no. 269 (Feb. 2, 1930).</subfield></datafield><datafield ind1=" " ind2=" " tag="580"><subfield code="a">Merged with: Laurel daily leader (Laurel, Miss. : 1920), to form: Laurel leader-call (Laurel, Miss. : 1930).</subfield></datafield><datafield ind1=" " ind2=" " tag="752"><subfield code="a">United States</subfield><subfield code="b">Mississippi</subfield><subfield code="c">Jones</subfield><subfield code="d">Laurel.</subfield></datafield><datafield ind1="0" ind2="0" tag="780"><subfield code="t">Jones County call</subfield><subfield code="w">(OCoLC)15584833</subfield></datafield><datafield ind1="1" ind2="7" tag="785"><subfield code="t">Laurel daily leader (Laurel, Miss. : 1920)</subfield><subfield code="w">(OCoLC)15584772</subfield></datafield><datafield ind1="1" ind2="7" tag="785"><subfield code="t">Laurel leader-call (Laurel, Miss. : 1930)</subfield><subfield code="w">(OCoLC)10307959</subfield></datafield></record>